<?xml version="1.0"?>
<collection xmlns="http://www.loc.gov/MARC21/slim">
  <record>
    <leader>01638nam a2200409 a 4500</leader>
    <controlfield tag="001">cihm_29107</controlfield>
    <controlfield tag="003">CaSfIA</controlfield>
    <controlfield tag="005">20151008010651.0</controlfield>
    <controlfield tag="007">cr||||||||||||</controlfield>
    <controlfield tag="008">860926s1900    oncc    b     000 1ceng d</controlfield>
    <datafield tag="020" ind1=" " ind2=" ">
      <subfield code="a">0665291078 (v. 1)</subfield>
    </datafield>
    <datafield tag="035" ind1=" " ind2=" ">
      <subfield code="a">ocm14958351</subfield>
    </datafield>
    <datafield tag="040" ind1=" " ind2=" ">
      <subfield code="a">CaOOCIHM</subfield>
      <subfield code="b">eng</subfield>
      <subfield code="c">CaOOCIHM</subfield>
      <subfield code="d">AEU</subfield>
      <subfield code="d">CaSfIA</subfield>
    </datafield>
    <datafield tag="082" ind1="0" ind2=" ">
      <subfield code="a">820/.9/2</subfield>
      <subfield code="2">19</subfield>
    </datafield>
    <datafield tag="090" ind1=" " ind2=" ">
      <subfield code="a">FC 02 0203 no. 29107</subfield>
      <subfield code="b">AEU</subfield>
    </datafield>
    <datafield tag="245" ind1="0" ind2="0">
      <subfield code="a">English men of letters</subfield>
      <subfield code="h">[electronic resource] </subfield>
      <subfield code="c">edited by John Morley.</subfield>
    </datafield>
    <datafield tag="250" ind1=" " ind2=" ">
      <subfield code="a">Portrait ed.</subfield>
    </datafield>
    <datafield tag="260" ind1=" " ind2=" ">
      <subfield code="a">Toronto :</subfield>
      <subfield code="b">G.N. Morang,</subfield>
      <subfield code="c">1900, c1894.</subfield>
    </datafield>
    <datafield tag="300" ind1=" " ind2=" ">
      <subfield code="a">7 microfiches (320 fr.) :</subfield>
      <subfield code="b">ports.</subfield>
    </datafield>
    <datafield tag="490" ind1="1" ind2=" ">
      <subfield code="a">CIHM/ICMH Microfiche series = CIHM/ICMH collection de microfiches ;</subfield>
      <subfield code="v">no. 29107</subfield>
    </datafield>
    <datafield tag="500" ind1=" " ind2=" ">
      <subfield code="a">"I."</subfield>
    </datafield>
    <datafield tag="500" ind1=" " ind2=" ">
      <subfield code="a">Part of a CIHM set. For individual microfiches in this set, see CIHM microfiche nos. 29106-29119.</subfield>
    </datafield>
    <datafield tag="533" ind1=" " ind2=" ">
      <subfield code="a">Filmed from a copy of the original publication held by the MacOdrum Library, Carleton University.</subfield>
      <subfield code="b">Ottawa :</subfield>
      <subfield code="c">Canadian Institute for Historical Microreproductions,</subfield>
      <subfield code="d">1982.</subfield>
    </datafield>
    <datafield tag="534" ind1=" " ind2=" ">
      <subfield code="e">[2], 215, vi, 184, viii, 189 p. :ports. ; 20 cm.</subfield>
    </datafield>
    <datafield tag="596" ind1=" " ind2=" ">
      <subfield code="a">43</subfield>
    </datafield>
    <datafield tag="600" ind1="1" ind2="0">
      <subfield code="a">Milton, John,</subfield>
      <subfield code="d">1608-1674.</subfield>
    </datafield>
    <datafield tag="600" ind1="1" ind2="0">
      <subfield code="a">Gibbon, Edward,</subfield>
      <subfield code="d">1737-1794.</subfield>
    </datafield>
    <datafield tag="600" ind1="1" ind2="0">
      <subfield code="a">Shelley, Percy Bysshe,</subfield>
      <subfield code="d">1792-1822.</subfield>
    </datafield>
    <datafield tag="600" ind1="1" ind2="6">
      <subfield code="a">Milton, John,</subfield>
      <subfield code="d">1608-1674.</subfield>
    </datafield>
    <datafield tag="600" ind1="1" ind2="6">
      <subfield code="a">Gibbon, Edward,</subfield>
      <subfield code="d">1737-1794.</subfield>
    </datafield>
    <datafield tag="600" ind1="1" ind2="6">
      <subfield code="a">Shelley, Percy Bysshe,</subfield>
      <subfield code="d">1792-1822.</subfield>
    </datafield>
    <datafield tag="650" ind1=" " ind2="0">
      <subfield code="a">Authors, English</subfield>
      <subfield code="v">Biography.</subfield>
    </datafield>
    <datafield tag="650" ind1=" " ind2="6">
      <subfield code="a">&#xC3;&#x89;crivains anglais</subfield>
      <subfield code="v">Biographie</subfield>
    </datafield>
    <!-- No separator at end of field length=37 -->
    <datafield tag="700" ind1="." ind2="">
      <subfield code=" "/>
      <subfield code="a">Morley, John,</subfield>
      <subfield code="d">1838-192</subfield>
    </datafield>
    <!-- No separator at end of field length=30 -->
    <datafield tag="830" ind1="." ind2="">
      <subfield code="0"/>
      <subfield code="a">CIHM/ICMH microfiche series ;</subfield>
      <subfield code="v">no. 291</subfield>
    </datafield>
    <!-- No separator at end of field length=45 -->
    <datafield tag="856" ind1="4" ind2="1">
      <subfield code="u">http://archive.org/details/cihm_29107</subfield>
      <subfield code="z">Free eBook from the Internet Archive</subfield>
    </datafield>
    <datafield tag="856" ind1="4" ind2="2">
      <subfield code="u">http://www.openlibrary.org/books/OL24229638M</subfield>
      <subfield code="z">Additional information and access via Open Library</subfield>
    </datafield>
    <!-- No separator at end of field length=22 -->
    <datafield tag="016" ind1="E" ind2="">
      <subfield code=" "/>
      <subfield code="a"> 8660604</subfield>
    </datafield>
    <!-- No separator at end of field length=15 -->
    <!-- No separator at end of field length=58 -->
  </record>
</collection>
